@inproceedings{inproceedings,
author = {Hodzic, Migdat and Selma, Suvad and Hadzikadic, Mirsad and Carmichael, Ted},
year = {2015},
month = {03},
pages = {},
title = {Dual Approach to Complex Ecological Dynamic System Modeling and Control}
}

@ARTICLE{1102729,
author={V. {Lakshmikantham}},
journal={IEEE Transactions on Automatic Control},
title={Large-scale dynamic systems: Stability and structure [Book reviews]},
year={1981},
volume={26},
number={4},
pages={976-977},
keywords={Book reviews;Large-scale systems, linear;Stability, linear systems;Large-scale systems;Mathematics;Stability analysis;Books;Lyapunov method;Aerodynamics;Power system analysis computing;Aggregates;Helium;Physics computing},
doi={10.1109/TAC.1981.1102729},
ISSN={2334-3303},
month={August},}

@ARTICLE{Hodzic,
author = {Hodzic, Migdat and Selma, Suvad and Hadzikadic, Mirsad},
journal={Periodical of Engineering and Natural Sciences},
title={Complex Ecological System Modeling},
year={2016},
volume={4},
number={1},
doi={http://dx.doi.org/10.21533/pen.v4i1.9},
ISSN={2303-4521},
